@article{gramfort2013meg,
  title={MEG and EEG data analysis with MNE-Python},
  author={Gramfort, Alexandre and Luessi, Martin and Larson, Eric and Engemann, Denis A and Strohmeier, Daniel and Brodbeck, Christian and Goj, Roman and Jas, Mainak and Brooks, Teon and Parkkonen, Lauri and others},
  journal={Frontiers in Neuroinformatics},
  volume={7},
  pages={267},
  year={2013},
  publisher={Frontiers Media SA}
}
